<?xml version="1.0" encoding="UTF-8" ?><marc:collection xmlns:marc="http://www.loc.gov/MARC21/slim" xmlns:xsi="http://www.w3.org/2001/XMLSchema-instance" xsi:schemaLocation="http://www.loc.gov/MARC21/slim http://www.loc.gov/standards/marcxml/schema/MARC21slim.xsd">
<marc:record><marc:leader>03257cam a2200529Ii 4500</marc:leader>
<marc:controlfield tag="001">b13062244</marc:controlfield>
<marc:controlfield tag="003">UaCaAUL</marc:controlfield><marc:controlfield tag="005">20170928022547.0</marc:controlfield><marc:controlfield tag="008">040122s1946    ua ab    b    000 0 ara d</marc:controlfield><marc:datafield tag="035" ind1=" " ind2=" "><marc:subfield code="a">(OCoLC)318941758</marc:subfield></marc:datafield><marc:datafield tag="040" ind1=" " ind2=" "><marc:subfield code="a">MEAUC</marc:subfield><marc:subfield code="b">eng</marc:subfield><marc:subfield code="c">MEAUC</marc:subfield><marc:subfield code="d">OCLCF</marc:subfield><marc:subfield code="d">OCLCO</marc:subfield><marc:subfield code="d">OCLCQ</marc:subfield><marc:subfield code="d">MEAUC</marc:subfield></marc:datafield><marc:datafield tag="043" ind1=" " ind2=" "><marc:subfield code="a">ma-----</marc:subfield></marc:datafield><marc:datafield tag="049" ind1=" " ind2=" "><marc:subfield code="a">MAIN</marc:subfield></marc:datafield><marc:datafield tag="066" ind1=" " ind2=" "><marc:subfield code="c">(3</marc:subfield></marc:datafield><marc:datafield tag="090" ind1=" " ind2=" "><marc:subfield code="a">DS63</marc:subfield><marc:subfield code="b">.A48 1946</marc:subfield></marc:datafield><marc:datafield tag="245" ind1="0" ind2="3"><marc:subfield code="6">880-01</marc:subfield><marc:subfield code="a">al-ʻĀlam al-ʻarabī al-yawm :</marc:subfield><marc:subfield code="b">silsilat buḥūth fī al-ʻĀlam al-ʻArabī al-Yawm /</marc:subfield><marc:subfield code="c">li-nukhbah min qādat al-raʼy fī Miṣr.</marc:subfield></marc:datafield><marc:datafield tag="264" ind1=" " ind2="1"><marc:subfield code="6">880-02</marc:subfield><marc:subfield code="a">al-Qāhirah :</marc:subfield><marc:subfield code="b">ʻUniyá bi-Nashrihi Qism al-khidmah al-ʻĀmmah bi-al-Jāmiʻah al-Amrīkīyah bi-al-Qāhirah,</marc:subfield><marc:subfield code="c">1946.</marc:subfield></marc:datafield><marc:datafield tag="264" ind1=" " ind2="3"><marc:subfield code="6">880-03</marc:subfield><marc:subfield code="a">Miṣr :</marc:subfield><marc:subfield code="b">al-Maṭbaʻah al-ʻAṣrīyah bi-Miṣr.</marc:subfield></marc:datafield><marc:datafield tag="300" ind1=" " ind2=" "><marc:subfield code="a">104 pages :</marc:subfield><marc:subfield code="b">illustrations, maps ;</marc:subfield><marc:subfield code="c">25 cm.</marc:subfield></marc:datafield><marc:datafield tag="336" ind1=" " ind2=" "><marc:subfield code="a">text</marc:subfield><marc:subfield code="b">txt</marc:subfield><marc:subfield code="2">rdacontent.</marc:subfield></marc:datafield><marc:datafield tag="337" ind1=" " ind2=" "><marc:subfield code="a">unmediated</marc:subfield><marc:subfield code="b">n</marc:subfield><marc:subfield code="2">rdamedia.</marc:subfield></marc:datafield><marc:datafield tag="338" ind1=" " ind2=" "><marc:subfield code="a">volume</marc:subfield><marc:subfield code="b">nc</marc:subfield><marc:subfield code="2">rdacarrier.</marc:subfield></marc:datafield><marc:datafield tag="500" ind1=" " ind2=" "><marc:subfield code="a">Contributions by Muḥammad ʻAbd al-Munʻim al-Sharqāwī, ʻAbbās ʻAmmār, Sāmī al-Sirāj, Hudá Shaʻrāwī, ʻAbd al-Ḥamīd Badawī.</marc:subfield></marc:datafield><marc:datafield tag="504" ind1=" " ind2=" "><marc:subfield code="a">Includes bibliographical references (pages 44-46).</marc:subfield></marc:datafield><marc:datafield tag="651" ind1=" " ind2="0"><marc:subfield code="a">Arab countries.</marc:subfield></marc:datafield><marc:datafield tag="651" ind1=" " ind2="0"><marc:subfield code="a">Arab countries</marc:subfield><marc:subfield code="x">Geography.</marc:subfield></marc:datafield><marc:datafield tag="651" ind1=" " ind2="0"><marc:subfield code="a">Arab countries</marc:subfield><marc:subfield code="x">Economic conditions.</marc:subfield></marc:datafield><marc:datafield tag="650" ind1=" " ind2="0"><marc:subfield code="a">Women</marc:subfield><marc:subfield code="z">Arab countries.</marc:subfield></marc:datafield><marc:datafield tag="700" ind1="1" ind2=" "><marc:subfield code="6">880-04</marc:subfield><marc:subfield code="a">Sharqāwī, Muḥammad ʻAbd al-Munʻim.</marc:subfield><marc:subfield code="t">al-Bīʼah al-jughrāfīyah lil-aqṭār al-ʻArabīyah.</marc:subfield></marc:datafield><marc:datafield tag="700" ind1="1" ind2=" "><marc:subfield code="6">880-05</marc:subfield><marc:subfield code="a">ʻAbbās, ʻAmmār.</marc:subfield><marc:subfield code="t">Shuʻūb al-aqṭār al-ʻArabīyah.</marc:subfield></marc:datafield><marc:datafield tag="700" ind1="1" ind2=" "><marc:subfield code="6">880-06</marc:subfield><marc:subfield code="a">Sirāj, Samīʻ.</marc:subfield><marc:subfield code="t">al-Ḥayāh al-iqtiṣādīyah fī al-bilād al-ʻArabīyah.</marc:subfield></marc:datafield><marc:datafield tag="700" ind1="1" ind2=" "><marc:subfield code="6">880-07</marc:subfield><marc:subfield code="a">Shaʻrāwī, Hudá,</marc:subfield><marc:subfield code="d">1879-1947.</marc:subfield><marc:subfield code="t">Makānat al-marʼah fī al-bilād al-ʻArabīyah.</marc:subfield></marc:datafield><marc:datafield tag="700" ind1="1" ind2=" "><marc:subfield code="6">880-08</marc:subfield><marc:subfield code="a">Bdioui, Abdelhamid.</marc:subfield><marc:subfield code="t">al-Nuẓum al-tashrīʻīyah wa-ḥuqūq al-insān fī al-Bilād al-ʻArabīyah.</marc:subfield></marc:datafield><marc:datafield tag="710" ind1="2" ind2=" "><marc:subfield code="6">880-09</marc:subfield><marc:subfield code="a">American University in Cairo.</marc:subfield></marc:datafield><marc:datafield tag="880" ind1="0" ind2="2"><marc:subfield code="6">245-01/(3/r</marc:subfield><marc:subfield code="a">العالم العربي اليوم :‪</marc:subfield><marc:subfield code="b">سلسلة بحوث في العالم العربي اليوم /‪</marc:subfield><marc:subfield code="c">لنخبة من قادة الرأي في مصر..</marc:subfield></marc:datafield><marc:datafield tag="880" ind1=" " ind2="3"><marc:subfield code="6">264-03/(3/r</marc:subfield><marc:subfield code="a">مصر :‪</marc:subfield><marc:subfield code="b">المطبعة العصرية بمصر..</marc:subfield></marc:datafield><marc:datafield tag="880" ind1=" " ind2="1"><marc:subfield code="6">264-02/(3/r</marc:subfield><marc:subfield code="a">القاهرة :‪</marc:subfield><marc:subfield code="b">عنى بنشره قسم الخدمة العامة بالجامعة الأمريكية بالقاهرة،‪</marc:subfield><marc:subfield code="c">1946.</marc:subfield></marc:datafield><marc:datafield tag="880" ind1="1" ind2=" "><marc:subfield code="6">700-04/(3/r</marc:subfield><marc:subfield code="a">شرقاوي، محمد عبد المنعم.‪</marc:subfield><marc:subfield code="t">البيئة الجغرافية للأقطار العربية..</marc:subfield></marc:datafield><marc:datafield tag="880" ind1="1" ind2=" "><marc:subfield code="6">700-05/(3/r</marc:subfield><marc:subfield code="a">عباس، عمار.‪</marc:subfield><marc:subfield code="t">شعوب الأقطار العربية..</marc:subfield></marc:datafield><marc:datafield tag="880" ind1="1" ind2=" "><marc:subfield code="6">700-06/(3/r</marc:subfield><marc:subfield code="a">سراج، سميع.‪</marc:subfield><marc:subfield code="t">الحياه الاقتصادية في البلاد العربية..</marc:subfield></marc:datafield><marc:datafield tag="880" ind1="1" ind2=" "><marc:subfield code="6">700-07/(3/r</marc:subfield><marc:subfield code="a">شعراوي، هدى،‪</marc:subfield><marc:subfield code="d">1879-1947.</marc:subfield><marc:subfield code="t">مكانة المرأة في البلاد العربية..</marc:subfield></marc:datafield><marc:datafield tag="880" ind1="1" ind2=" "><marc:subfield code="6">700-08/(3/r</marc:subfield><marc:subfield code="a">بدوي، عبد الحميد.‪</marc:subfield><marc:subfield code="t">النظم التشريعية وحقوق الإنسان في البلاد العربية..</marc:subfield></marc:datafield><marc:datafield tag="880" ind1="2" ind2=" "><marc:subfield code="6">710-09/(3/r</marc:subfield><marc:subfield code="a">الجامعة الأمريكية بالقاهرة..</marc:subfield></marc:datafield><marc:datafield tag="907" ind1=" " ind2=" "><marc:subfield code="a">.b13062244</marc:subfield><marc:subfield code="b">main </marc:subfield></marc:datafield><marc:datafield tag="902" ind1=" " ind2=" "><marc:subfield code="a">170928</marc:subfield></marc:datafield><marc:datafield tag="998" ind1=" " ind2=" "><marc:subfield code="b">1</marc:subfield><marc:subfield code="c">040215</marc:subfield><marc:subfield code="d">m</marc:subfield><marc:subfield code="e">a</marc:subfield><marc:subfield code="f">-</marc:subfield><marc:subfield code="g">3</marc:subfield><marc:subfield code="k">MAH</marc:subfield></marc:datafield><marc:datafield tag="945" ind1=" " ind2=" "><marc:subfield code="l">main </marc:subfield></marc:datafield></marc:record>
</marc:collection>
